@article{ware1996evaluating,
  title={Evaluating stereo and motion cues for visualizing information nets in three dimensions},
  author={Ware, Colin and Franck, Glenn},
  journal={ACM Transactions on Graphics (TOG)},
  volume={15},
  number={2},
  year={1996},
  publisher={ACM}
}
